@data{12379_2016,
	author = {Voeten, Erik and Strezhnev, Anton and Bailey, Michael},
	publisher = {Harvard Dataverse},
	title = {United Nations General Assembly Voting Data},
	year = {2016},
	doi = {1902.1/12379},
	url = {http://hdl.handle.net/1902.1/12379}
}

@article{durante2014nonparametric,
	title={Nonparametric Bayes dynamic modelling of relational data},
	author={Durante, Daniele and Dunson, David B},
	journal={Biometrika},
	pages={asu040},
	year={2014},
	publisher={Biometrika Trust}
}

@article{minhas2016inferential,
	title={Inferential Approaches for Network Analyses: AMEN for Latent Factor Models},
	author={Minhas, Shahryar and Hoff, Peter D and Ward, Michael D},
	journal={arXiv preprint arXiv:1611.00460},
	year={2016}
}