@misc{leibenstein1966shaping,
	title={Shaping the world economy: suggestions for an international economic policy.},
	author={Leibenstein, Harvey},
	year={1966},
	publisher={JSTOR}
}

@book{rodrigue2009geography,
	title={The geography of transport systems},
	author={Rodrigue, Jean-Paul and Comtois, Claude and Slack, Brian},
	year={2009},
	publisher={Routledge}
}

@article{kim2017review,
	title={A Review of Dynamic Network Models with Latent Variables},
	author={Kim, Bomin and Lee, Kevin and Xue, Lingzhou and Niu, Xiaoyue},
	journal={arXiv preprint arXiv:1711.10421},
	year={2017}
}

@incollection{rasmussen2004gaussian,
  title={Gaussian processes in machine learning},
  author={Rasmussen, Carl Edward},
  booktitle={Advanced lectures on machine learning},
  pages={63--71},
  year={2004},
  publisher={Springer}
}

@article{he2017multiplicative,
	title={Multiplicative Coevolution Regression Models for Longitudinal Networks and Nodal Attributes},
	author={He, Yanjun and Hoff, Peter D},
	journal={arXiv preprint arXiv:1712.02497},
	year={2017}
}

@article{wendt_1994, title={Collective Identity Formation and the International State}, volume={88}, DOI={10.2307/2944711}, number={2}, journal={American Political Science Review}, publisher={Cambridge University Press}, author={Wendt, Alexander}, year={1994}, pages={384â€“396}}

@article{voeten2000clashes,
	title={Clashes in the Assembly},
	author={Voeten, Erik},
	journal={International Organization},
	volume={54},
	number={2},
	pages={185--215},
	year={2000},
	publisher={Cambridge University Press}
}
@article{gartzke1998kant,
	title={Kant we all just get along? Opportunity, willingness, and the origins of the democratic peace},
	author={Gartzke, Erik},
	journal={American Journal of Political Science},
	pages={1--27},
	year={1998},
	publisher={JSTOR}
}
@article{signorino1999tau,
	title={Tau-b or not tau-b: measuring the similarity of foreign policy positions},
	author={Signorino, Curtis S and Ritter, Jeffrey M},
	journal={International Studies Quarterly},
	volume={43},
	number={1},
	pages={115--144},
	year={1999},
	publisher={Wiley Online Library}
}

@article{voeten2004resisting,
	title={Resisting the lonely superpower: Responses of states in the {U}nited {N}ations to {US} dominance},
	author={Voeten, Erik},
	journal={Journal of Politics},
	volume={66},
	number={3},
	pages={729--754},
	year={2004},
	publisher={Wiley Online Library}
}
@article{mattes2015leadership,
	title={Leadership turnover and foreign policy change: Societal interests, domestic institutions, and voting in the {U}nited {N}ations},
	author={Mattes, Michaela and Leeds, Brett Ashley and Carroll, Royce},
	journal={International Studies Quarterly},
	volume={59},
	number={2},
	pages={280--290},
	year={2015},
	publisher={Blackwell Publishing Ltd Oxford, UK}
}
@article{bearce2007intergovernmental,
	title={Intergovernmental organizations, socialization, and member-state interest convergence},
	author={Bearce, David H and Bondanella, Stacy},
	journal={International Organization},
	volume={61},
	number={4},
	pages={703--733},
	year={2007},
	publisher={Cambridge University Press}
}
@article{bailey2017estimating,
	title={Estimating dynamic state preferences from {U}nited {N}ations voting data},
	author={Bailey, Michael A and Strezhnev, Anton and Voeten, Erik},
	journal={Journal of Conflict Resolution},
	volume={61},
	number={2},
	pages={430--456},
	year={2017},
	publisher={SAGE Publications Sage CA: Los Angeles, CA}
}

@article{tibbits2011parallel,
	title={Parallel multivariate slice sampling},
	author={Tibbits, Matthew M and Haran, Murali and Liechty, John C},
	journal={Statistics and Computing},
	volume={21},
	number={3},
	pages={415--430},
	year={2011},
	publisher={Springer}
}

@article{spiegelhalter2002bayesian,
	title={Bayesian measures of model complexity and fit},
	author={Spiegelhalter, David J and Best, Nicola G and Carlin, Bradley P and Van Der Linde, Angelika},
	journal={Journal of the Royal Statistical Society: Series B (Statistical Methodology)},
	volume={64},
	number={4},
	pages={583--639},
	year={2002},
	publisher={Wiley Online Library}
}
@book{gibler2008international,
	title={International military alliances, 1648-2008},
	author={Gibler, Douglas M},
	year={2008},
	publisher={CQ Press}
}
@book{golub2012matrix,
	title={Matrix computations},
	author={Golub, Gene H and Van Loan, Charles F},
	volume={3},
	year={2012},
	publisher={JHU Press}
}
@article{gartzke2000preferences,
	title={Preferences and the democratic peace},
	author={Gartzke, Erik},
	journal={International Studies Quarterly},
	volume={44},
	number={2},
	pages={191--212},
	year={2000},
	publisher={The Oxford University Press}
}
@article{marshall2014polity,
	title={Polity {IV} Annual Time-Series, 1800--2013},
	author={Marshall, Monty G and Jaggers, Keith and Gurr, Ted Robert},
	journal={Center for International Development and Conflict Management at the University of Maryland College Park},
	year={2014}
}
@article{minhas2016new,
	title={A new approach to analyzing coevolving longitudinal networks in international relations},
	author={Minhas, Shahryar and Hoff, Peter D and Ward, Michael D},
	journal={Journal of Peace Research},
	volume={53},
	number={3},
	pages={491--505},
	year={2016},
	publisher={SAGE Publications Sage UK: London, England}
}
@article{ward2007persistent,
	title={Persistent patterns of international commerce},
	author={Ward, Michael D and Hoff, Peter D},
	journal={Journal of Peace Research},
	volume={44},
	number={2},
	pages={157--175},
	year={2007},
	publisher={Sage Publications Sage UK: London, England}
}
@article{hoff2011hierarchical,
	title={Hierarchical multilinear models for multiway data},
	author={Hoff, Peter D},
	journal={Computational Statistics \& Data Analysis},
	volume={55},
	number={1},
	pages={530--543},
	year={2011},
	publisher={Elsevier}
}
@article{hoff2011separable,
	title={Separable covariance arrays via the {T}ucker product, with applications to multivariate relational data},
	author={Hoff, Peter D and others},
	journal={Bayesian Analysis},
	volume={6},
	number={2},
	pages={179--196},
	year={2011},
	publisher={International Society for Bayesian Analysis}
}
@article{hoff2015multilinear,
	title={Multilinear tensor regression for longitudinal relational data},
	author={Hoff, Peter D},
	journal={The Annals of Applied Statistics},
	volume={9},
	number={3},
	pages={1169},
	year={2015},
	publisher={NIH Public Access}
}

@article{perry2013point,
	title={Point process modelling for directed interaction networks},
	author={Perry, Patrick O and Wolfe, Patrick J},
	journal={Journal of the Royal Statistical Society: Series B (Statistical Methodology)},
	volume={75},
	number={5},
	pages={821--849},
	year={2013},
	publisher={Wiley Online Library}
}
@inproceedings{vu2011continuous,
	title={Continuous-time regression models for longitudinal networks},
	author={Vu, Duy Q and Hunter, David and Smyth, Padhraic and Asuncion, Arthur U},
	booktitle={Advances in Neural Information Processing Systems},
	pages={2492--2500},
	year={2011}
}
@article{marsaglia1967bounds,
	title={Bounds on the rank of the sum of matrices},
	author={Marsaglia, George},
	journal={Ko ze sn k},
	year={1967}
}
@article{butts2008relational,
	title={A relational event framework for social action},
	author={Butts, Carter T},
	journal={Sociological Methodology},
	volume={38},
	number={1},
	pages={155--200},
	year={2008},
	publisher={Wiley Online Library}
}
@inproceedings{hunter2011dynamic,
	title={Dynamic egocentric models for citation networks},
	author={Hunter, David and Smyth, Padhraic and Vu, Duy Q and Asuncion, Arthur U},
	booktitle={Proceedings of the 28th International Conference on Machine Learning (ICML-11)},
	pages={857--864},
	year={2011}
}
@article{durante2014bayesian,
	title={Bayesian dynamic financial networks with time-varying predictors},
	author={Durante, Daniele and Dunson, David B},
	journal={Statistics \& Probability Letters},
	volume={93},
	pages={19--26},
	year={2014},
	publisher={Elsevier}
}
@article{minhas2016inferential,
	title={Inferential Approaches for Network Analyses: AMEN for Latent Factor Models},
	author={Minhas, Shahryar and Hoff, Peter D and Ward, Michael D},
	journal={arXiv preprint arXiv:1611.00460},
	year={2016}
}
@article{hanneke2010discrete,
	title={Discrete temporal models of social networks},
	author={Hanneke, Steve and Fu, Wenjie and Xing, Eric P and others},
	journal={Electronic Journal of Statistics},
	volume={4},
	pages={585--605},
	year={2010},
	publisher={The Institute of Mathematical Statistics and the Bernoulli Society}
}

@article{snijders2010introduction,
	title={Introduction to stochastic actor-based models for network dynamics},
	author={Snijders, Tom AB and Van de Bunt, Gerhard G and Steglich, Christian EG},
	journal={Social Networks},
	volume={32},
	number={1},
	pages={44--60},
	year={2010},
	publisher={Elsevier}
}
@inproceedings{xu2013dynamic,
	title={Dynamic stochastic blockmodels: Statistical models for time-evolving networks},
	author={Xu, Kevin S and Hero III, Alfred O},
	booktitle={International Conference on Social Computing, Behavioral-Cultural Modeling, and Prediction},
	pages={201--210},
	year={2013},
	organization={Springer}
}
@article{friel2016interlocking,
	title={Interlocking directorates in Irish companies using a latent space model for bipartite networks},
	author={Friel, Nial and Rastelli, Riccardo and Wyse, Jason and Raftery, Adrian E},
	journal={Proceedings of the National Academy of Sciences},
	volume={113},
	number={24},
	pages={6629--6634},
	year={2016},
	publisher={National Acad Sciences}
}
@inproceedings{sarkar2007latent,
	title={A Latent Space Approach to Dynamic Embedding of Co-occurrence Data.},
	author={Sarkar, Purnamrita and Siddiqi, Sajid M and Gordon, Geoffrey J},
	booktitle={AISTATS},
	pages={420--427},
	year={2007}
}
@article{sewell2016latent,
	title={Latent space models for dynamic networks with weighted edges},
	author={Sewell, Daniel K and Chen, Yuguo},
	journal={Social Networks},
	volume={44},
	pages={105--116},
	year={2016},
	publisher={Elsevier}
}
@article{bhattacharya2011sparse,
  title={Sparse Bayesian infinite factor models},
  author={Bhattacharya, Anirban and Dunson, David B},
  journal={Biometrika},
  volume={98},
  number={2},
  pages={291--306},
  year={2011},
  publisher={Biometrika Trust}
}
@article{hoff2014amen,
	title={amen: Additive and multiplicative effects modeling of networks and relational data},
	author={Hoff, Peter and Fosdick, Bailey and Volfovsky, Alex and Stovel, Kate},
	journal={R package version 0.999. URL: http://CRAN. R-project. org/package= amen},
	year={2014}
}
@data{12379_2016,
	author = {Voeten, Erik and Strezhnev, Anton and Bailey, Michael},
	publisher = {Harvard Dataverse},
	title = {United {N}ations General Assembly Voting Data},
	year = {2016},
	doi = {1902.1/12379},
	url = {http://hdl.handle.net/1902.1/12379}
}
@article{durante2013nonparametric,
	title={Nonparametric Bayes dynamic modeling of relational data},
	author={Durante, Daniele and Dunson, David B},
	journal={arXiv preprint arXiv:1311.4669},
	year={2013}
}

@article{polson2013bayesian,
	title={Bayesian inference for logistic models using P{\'o}lya--Gamma latent variables},
	author={Polson, Nicholas G and Scott, James G and Windle, Jesse},
	journal={Journal of the American statistical Association},
	volume={108},
	number={504},
	pages={1339--1349},
	year={2013},
	publisher={Taylor \& Francis}
}
@inproceedings{hoff2008modeling,
	title={Modeling homophily and stochastic equivalence in symmetric relational data},
	author={Hoff, Peter},
	booktitle={Advances in Neural Information Processing Systems},
	pages={657--664},
	year={2008}
}

@article{hoff2002latent,
	title={Latent space approaches to social network analysis},
	author={Hoff, Peter D and Raftery, Adrian E and Handcock, Mark S},
	journal={Journal of the American Statistical Association},
	volume={97},
	number={460},
	pages={1090--1098},
	year={2002},
	publisher={Taylor \& Francis}
}
@article{hoff2005bilinear,
	title={Bilinear mixed-effects models for dyadic data},
	author={Hoff, Peter D},
	journal={Journal of the American Statistical Association},
	volume={100},
	number={469},
	pages={286--295},
	year={2005},
	publisher={Taylor \& Francis}
}

@article{hoff2009multiplicative,
	title={Multiplicative latent factor models for description and prediction of social networks},
	author={Hoff, Peter D},
	journal={Computational and mathematical organization theory},
	volume={15},
	number={4},
	pages={261--272},
	year={2009},
	publisher={Springer}
}
@inproceedings{li2011generalized,
	title={Generalized latent factor models for social network analysis},
	author={Li, Wu-Jun and Yeung, Dit-Yan and Zhang, Zhihua},
	booktitle={Proceedings of the 22nd International Joint Conference on Artificial Intelligence (IJCAI), Barcelona, Spain},
	pages={1705},
	year={2011}
}
@article{hoff2011hierarchical,
	title={Hierarchical multilinear models for multiway data},
	author={Hoff, Peter D},
	journal={Computational Statistics \& Data Analysis},
	volume={55},
	number={1},
	pages={530--543},
	year={2011},
	publisher={Elsevier}
}
@inproceedings{durante2014bayesian2,
	title={Bayesian logistic gaussian process models for dynamic networks},
	author={Durante, Daniele and Dunson, David},
	booktitle={Artificial Intelligence and Statistics},
	pages={194--201},
	year={2014}
}
@article{sarkar2005dynamic,
	title={Dynamic social network analysis using latent space models},
	author={Sarkar, Purnamrita and Moore, Andrew W},
	journal={ACM SIGKDD Explorations Newsletter},
	volume={7},
	number={2},
	pages={31--40},
	year={2005},
	publisher={ACM}
}
@article{ward2013gravity,
	title={Gravityâ€™s rainbow: A dynamic latent space model for the world trade network},
	author={Ward, Michael D and Ahlquist, John S and Rozenas, Arturas and others},
	journal={Network Science},
	volume={1},
	number={01},
	pages={95--118},
	year={2013},
	publisher={Cambridge University Press}
}
@article{sewell2015latent,
	title={Latent space models for dynamic networks},
	author={Sewell, Daniel K and Chen, Yuguo},
	journal={Journal of the American Statistical Association},
	volume={110},
	number={512},
	pages={1646--1657},
	year={2015},
	publisher={Taylor \& Francis}
}
